<?xml version="1.0" encoding="UTF-8"?>
  <record xmlns="http://www.loc.gov/MARC21/slim" type="Authority">
    <leader>00000nz  a2200000nc 4500</leader>
    <controlfield tag="001">101248571</controlfield>
    <controlfield tag="003">DE-101</controlfield>
    <controlfield tag="005">20180628152636.0</controlfield>
    <controlfield tag="008">920622n||azznnaabn           | aaa    |c</controlfield>
    <datafield tag="024" ind1="7" ind2=" ">
      <subfield code="a">101248571</subfield>
      <subfield code="0">http://d-nb.info/gnd/101248571</subfield>
      <subfield code="2">gnd</subfield>
    </datafield>
    <datafield tag="024" ind1="7" ind2=" ">
      <subfield code="a">71756677</subfield>
      <subfield code="2">viaf</subfield>
    </datafield>
    <datafield tag="035" ind1=" " ind2=" ">
      <subfield code="a">(DE-101)101248571</subfield>
    </datafield>
    <datafield tag="035" ind1=" " ind2=" ">
      <subfield code="a">(DE-588)101248571</subfield>
    </datafield>
    <datafield tag="035" ind1=" " ind2=" ">
      <subfield code="z">(DE-588)1089596197</subfield>
    </datafield>
    <datafield tag="035" ind1=" " ind2=" ">
      <subfield code="z">(DE-588)135671671</subfield>
    </datafield>
    <datafield tag="035" ind1=" " ind2=" ">
      <subfield code="z">(DE-588a)135671671</subfield>
      <subfield code="9">v:zg</subfield>
    </datafield>
    <datafield tag="035" ind1=" " ind2=" ">
      <subfield code="z">(DE-588a)101248571</subfield>
      <subfield code="9">v:zg</subfield>
    </datafield>
    <datafield tag="040" ind1=" " ind2=" ">
      <subfield code="a">DE-7</subfield>
      <subfield code="c">DE-7</subfield>
      <subfield code="9">r:DE-601</subfield>
      <subfield code="b">ger</subfield>
      <subfield code="d">0017</subfield>
    </datafield>
    <datafield tag="042" ind1=" " ind2=" ">
      <subfield code="a">gnd1</subfield>
    </datafield>
    <datafield tag="043" ind1=" " ind2=" ">
      <subfield code="c">XA-DE</subfield>
    </datafield>
    <datafield tag="065" ind1=" " ind2=" ">
      <subfield code="a">16.5p</subfield>
      <subfield code="2">sswd</subfield>
    </datafield>
    <datafield tag="075" ind1=" " ind2=" ">
      <subfield code="b">p</subfield>
      <subfield code="2">gndgen</subfield>
    </datafield>
    <datafield tag="075" ind1=" " ind2=" ">
      <subfield code="b">piz</subfield>
      <subfield code="2">gndspec</subfield>
    </datafield>
    <datafield tag="079" ind1=" " ind2=" ">
      <subfield code="a">g</subfield>
      <subfield code="q">a</subfield>
      <subfield code="q">f</subfield>
      <subfield code="q">l</subfield>
      <subfield code="q">s</subfield>
      <subfield code="u">v</subfield>
    </datafield>
    <datafield tag="100" ind1="0" ind2=" ">
      <subfield code="a">Ludwig</subfield>
      <subfield code="b">VI.</subfield>
      <subfield code="c">Hessen-Darmstadt, Landgraf</subfield>
      <subfield code="d">1630-1678</subfield>
    </datafield>
    <datafield tag="400" ind1="0" ind2=" ">
      <subfield code="a">Louis</subfield>
      <subfield code="b">VI.</subfield>
      <subfield code="c">Hessen-Darmstadt, Landgraf</subfield>
      <subfield code="d">1630-1678</subfield>
    </datafield>
    <datafield tag="400" ind1="0" ind2=" ">
      <subfield code="a">Ludovicus</subfield>
      <subfield code="c">Hassia, Landgravius</subfield>
      <subfield code="d">1630-1678</subfield>
    </datafield>
    <datafield tag="400" ind1="0" ind2=" ">
      <subfield code="a">Ludovicus</subfield>
      <subfield code="b">VI.</subfield>
      <subfield code="c">Hassia, Landgravius</subfield>
      <subfield code="d">1630-1678</subfield>
    </datafield>
    <datafield tag="400" ind1="0" ind2=" ">
      <subfield code="a">Ludovicus</subfield>
      <subfield code="b">VI.</subfield>
      <subfield code="c">Hassia, Landrevius</subfield>
      <subfield code="d">1630-1678</subfield>
    </datafield>
    <datafield tag="400" ind1="0" ind2=" ">
      <subfield code="a">Ludovicus</subfield>
      <subfield code="b">VI.</subfield>
      <subfield code="c">Hessen-Darmstadt, Landgraf</subfield>
      <subfield code="d">1630-1678</subfield>
    </datafield>
    <datafield tag="400" ind1="0" ind2=" ">
      <subfield code="a">Ludwig</subfield>
      <subfield code="b">VI.</subfield>
      <subfield code="c">Hessen, Landgraf</subfield>
      <subfield code="d">1630-1678</subfield>
    </datafield>
    <datafield tag="500" ind1="0" ind2=" ">
      <subfield code="0">(DE-101)118884352</subfield>
      <subfield code="0">(DE-588)118884352</subfield>
      <subfield code="0">https://d-nb.info/gnd/118884352</subfield>
      <subfield code="a">Georg</subfield>
      <subfield code="b">II.</subfield>
      <subfield code="c">Hessen-Darmstadt, Landgraf</subfield>
      <subfield code="d">1605-1661</subfield>
      <subfield code="4">bezf</subfield>
      <subfield code="4">https://d-nb.info/standards/elementset/gnd#familialRelationship</subfield>
      <subfield code="w">r</subfield>
      <subfield code="i">Beziehung familiaer</subfield>
      <subfield code="e">Beziehung familiaer</subfield>
      <subfield code="9">v:Vater</subfield>
    </datafield>
    <datafield tag="500" ind1="0" ind2=" ">
      <subfield code="0">(DE-101)101421796</subfield>
      <subfield code="0">(DE-588)101421796</subfield>
      <subfield code="0">https://d-nb.info/gnd/101421796</subfield>
      <subfield code="a">Sophie Eleonore</subfield>
      <subfield code="c">Hessen-Darmstadt, Landgräfin</subfield>
      <subfield code="d">1609-1671</subfield>
      <subfield code="4">bezf</subfield>
      <subfield code="4">https://d-nb.info/standards/elementset/gnd#familialRelationship</subfield>
      <subfield code="w">r</subfield>
      <subfield code="i">Beziehung familiaer</subfield>
      <subfield code="e">Beziehung familiaer</subfield>
      <subfield code="9">v:Mutter</subfield>
    </datafield>
    <datafield tag="500" ind1="0" ind2=" ">
      <subfield code="0">(DE-101)115562869</subfield>
      <subfield code="0">(DE-588)115562869</subfield>
      <subfield code="0">https://d-nb.info/gnd/115562869</subfield>
      <subfield code="a">Georg</subfield>
      <subfield code="c">Hessen zu Itter und Vöhl, Landgraf</subfield>
      <subfield code="d">1632-1676</subfield>
      <subfield code="4">bezf</subfield>
      <subfield code="4">https://d-nb.info/standards/elementset/gnd#familialRelationship</subfield>
      <subfield code="w">r</subfield>
      <subfield code="i">Beziehung familiaer</subfield>
      <subfield code="e">Beziehung familiaer</subfield>
      <subfield code="9">v:Bruder</subfield>
    </datafield>
    <datafield tag="500" ind1="0" ind2=" ">
      <subfield code="0">(DE-101)104193379</subfield>
      <subfield code="0">(DE-588)104193379</subfield>
      <subfield code="0">https://d-nb.info/gnd/104193379</subfield>
      <subfield code="a">Maria Elisabeth</subfield>
      <subfield code="c">Hessen-Darmstadt, Landgräfin</subfield>
      <subfield code="d">1634-1665</subfield>
      <subfield code="4">bezf</subfield>
      <subfield code="4">https://d-nb.info/standards/elementset/gnd#familialRelationship</subfield>
      <subfield code="w">r</subfield>
      <subfield code="i">Beziehung familiaer</subfield>
      <subfield code="e">Beziehung familiaer</subfield>
      <subfield code="9">v:erste Ehefrau</subfield>
    </datafield>
    <datafield tag="500" ind1="0" ind2=" ">
      <subfield code="0">(DE-101)101508298</subfield>
      <subfield code="0">(DE-588)101508298</subfield>
      <subfield code="0">https://d-nb.info/gnd/101508298</subfield>
      <subfield code="a">Elisabeth Dorothea</subfield>
      <subfield code="c">Hessen-Darmstadt, Landgräfin</subfield>
      <subfield code="d">1640-1709</subfield>
      <subfield code="4">bezf</subfield>
      <subfield code="4">https://d-nb.info/standards/elementset/gnd#familialRelationship</subfield>
      <subfield code="w">r</subfield>
      <subfield code="i">Beziehung familiaer</subfield>
      <subfield code="e">Beziehung familiaer</subfield>
      <subfield code="9">v:zweite Ehefrau</subfield>
    </datafield>
    <datafield tag="500" ind1="0" ind2=" ">
      <subfield code="0">(DE-101)120812762</subfield>
      <subfield code="0">(DE-588)120812762</subfield>
      <subfield code="0">https://d-nb.info/gnd/120812762</subfield>
      <subfield code="a">Maria Elisabeth</subfield>
      <subfield code="c">Sachsen-Römhild, Herzogin</subfield>
      <subfield code="d">1656-1715</subfield>
      <subfield code="4">bezf</subfield>
      <subfield code="4">https://d-nb.info/standards/elementset/gnd#familialRelationship</subfield>
      <subfield code="w">r</subfield>
      <subfield code="i">Beziehung familiaer</subfield>
      <subfield code="e">Beziehung familiaer</subfield>
      <subfield code="9">v:Tochter</subfield>
    </datafield>
    <datafield tag="500" ind1="0" ind2=" ">
      <subfield code="0">(DE-101)115863559</subfield>
      <subfield code="0">(DE-588)115863559</subfield>
      <subfield code="0">https://d-nb.info/gnd/115863559</subfield>
      <subfield code="a">Ludwig</subfield>
      <subfield code="b">VII.</subfield>
      <subfield code="c">Hessen-Darmstadt, Landgraf</subfield>
      <subfield code="d">1658-1678</subfield>
      <subfield code="4">bezf</subfield>
      <subfield code="4">https://d-nb.info/standards/elementset/gnd#familialRelationship</subfield>
      <subfield code="w">r</subfield>
      <subfield code="i">Beziehung familiaer</subfield>
      <subfield code="e">Beziehung familiaer</subfield>
      <subfield code="9">v:Sohn aus der 1. Ehe</subfield>
    </datafield>
    <datafield tag="500" ind1="0" ind2=" ">
      <subfield code="0">(DE-101)121279642</subfield>
      <subfield code="0">(DE-588)121279642</subfield>
      <subfield code="0">https://d-nb.info/gnd/121279642</subfield>
      <subfield code="a">Sophia Maria</subfield>
      <subfield code="c">Sachsen-Eisenberg, Herzogin</subfield>
      <subfield code="d">1661-1712</subfield>
      <subfield code="4">bezf</subfield>
      <subfield code="4">https://d-nb.info/standards/elementset/gnd#familialRelationship</subfield>
      <subfield code="w">r</subfield>
      <subfield code="i">Beziehung familiaer</subfield>
      <subfield code="e">Beziehung familiaer</subfield>
      <subfield code="9">v:Tochter</subfield>
    </datafield>
    <datafield tag="500" ind1="0" ind2=" ">
      <subfield code="0">(DE-101)122063317</subfield>
      <subfield code="0">(DE-588)122063317</subfield>
      <subfield code="0">https://d-nb.info/gnd/122063317</subfield>
      <subfield code="a">Magdalena Sibylla</subfield>
      <subfield code="c">Württemberg, Herzogin, 1652-1712</subfield>
      <subfield code="d">1652-1712</subfield>
      <subfield code="4">bezf</subfield>
      <subfield code="4">https://d-nb.info/standards/elementset/gnd#familialRelationship</subfield>
      <subfield code="w">r</subfield>
      <subfield code="i">Beziehung familiaer</subfield>
      <subfield code="e">Beziehung familiaer</subfield>
      <subfield code="9">v:Tochter aus 1. Ehe</subfield>
    </datafield>
    <datafield tag="500" ind1="0" ind2=" ">
      <subfield code="0">(DE-101)136846564</subfield>
      <subfield code="0">(DE-588)136846564</subfield>
      <subfield code="0">https://d-nb.info/gnd/136846564</subfield>
      <subfield code="a">Elisabeth Dorothea</subfield>
      <subfield code="c">Hessen-Homburg, Landgräfin</subfield>
      <subfield code="d">1676-1721</subfield>
      <subfield code="4">bezf</subfield>
      <subfield code="4">https://d-nb.info/standards/elementset/gnd#familialRelationship</subfield>
      <subfield code="w">r</subfield>
      <subfield code="i">Beziehung familiaer</subfield>
      <subfield code="e">Beziehung familiaer</subfield>
      <subfield code="9">v:Tochter aus 2. Ehe</subfield>
    </datafield>
    <datafield tag="500" ind1="0" ind2=" ">
      <subfield code="0">(DE-101)121600092</subfield>
      <subfield code="0">(DE-588)121600092</subfield>
      <subfield code="0">https://d-nb.info/gnd/121600092</subfield>
      <subfield code="a">Maria Hedwig</subfield>
      <subfield code="c">Sachsen-Meiningen, Herzogin</subfield>
      <subfield code="d">1647-1680</subfield>
      <subfield code="4">bezf</subfield>
      <subfield code="4">https://d-nb.info/standards/elementset/gnd#familialRelationship</subfield>
      <subfield code="w">r</subfield>
      <subfield code="i">Beziehung familiaer</subfield>
      <subfield code="e">Beziehung familiaer</subfield>
      <subfield code="9">v:Schwester</subfield>
    </datafield>
    <datafield tag="500" ind1="0" ind2=" ">
      <subfield code="0">(DE-101)100011780</subfield>
      <subfield code="0">(DE-588)100011780</subfield>
      <subfield code="0">https://d-nb.info/gnd/100011780</subfield>
      <subfield code="a">Anna Sophie</subfield>
      <subfield code="c">Hessen-Darmstadt, Landgräfin</subfield>
      <subfield code="d">1638-1683</subfield>
      <subfield code="4">bezf</subfield>
      <subfield code="4">https://d-nb.info/standards/elementset/gnd#familialRelationship</subfield>
      <subfield code="w">r</subfield>
      <subfield code="i">Beziehung familiaer</subfield>
      <subfield code="e">Beziehung familiaer</subfield>
      <subfield code="9">v:Schwester</subfield>
    </datafield>
    <datafield tag="500" ind1="0" ind2=" ">
      <subfield code="0">(DE-101)12890285X</subfield>
      <subfield code="0">(DE-588)12890285X</subfield>
      <subfield code="0">https://d-nb.info/gnd/12890285X</subfield>
      <subfield code="a">Elisabeth Amalie Magdalene</subfield>
      <subfield code="c">Pfalz, Kurfürstin</subfield>
      <subfield code="d">1635-1709</subfield>
      <subfield code="4">bezf</subfield>
      <subfield code="4">https://d-nb.info/standards/elementset/gnd#familialRelationship</subfield>
      <subfield code="w">r</subfield>
      <subfield code="i">Beziehung familiaer</subfield>
      <subfield code="e">Beziehung familiaer</subfield>
      <subfield code="9">v:Schwester</subfield>
    </datafield>
    <datafield tag="548" ind1=" " ind2=" ">
      <subfield code="a">1630-1678</subfield>
      <subfield code="4">datl</subfield>
      <subfield code="4">https://d-nb.info/standards/elementset/gnd#dateOfBirthAndDeath</subfield>
      <subfield code="w">r</subfield>
      <subfield code="i">Lebensdaten</subfield>
    </datafield>
    <datafield tag="550" ind1=" " ind2=" ">
      <subfield code="0">(DE-101)040004643</subfield>
      <subfield code="0">(DE-588)4000464-8</subfield>
      <subfield code="0">https://d-nb.info/gnd/4000464-8</subfield>
      <subfield code="a">Adel</subfield>
      <subfield code="4">obin</subfield>
      <subfield code="4">https://d-nb.info/standards/elementset/gnd#broaderTermInstantial</subfield>
      <subfield code="w">r</subfield>
      <subfield code="i">Oberbegriff instantiell</subfield>
    </datafield>
    <datafield tag="667" ind1=" " ind2=" ">
      <subfield code="a">7</subfield>
    </datafield>
    <datafield tag="667" ind1=" " ind2=" ">
      <subfield code="a">VD-17</subfield>
    </datafield>
    <datafield tag="670" ind1=" " ind2=" ">
      <subfield code="a">NDB; DbA; Europ. Stammtafeln I,104</subfield>
    </datafield>
    <datafield tag="672" ind1=" " ind2="0">
      <subfield code="a">Ludwig &lt;Hessen-Darmstadt, Landgraf, VI.&gt;: Der Psalter dess königlichen Propheten Davids. - 1657</subfield>
    </datafield>
    <datafield tag="672" ind1=" " ind2="0">
      <subfield code="a">Müller, Henning: Pflicht-Schuldigster Glück-Wuntsch, Als der Durchleuchtigste Fürst und Herr, Herr Ludwig, Landgraff zu Hessen ... - 1674</subfield>
    </datafield>
    <datafield tag="678" ind1=" " ind2=" ">
      <subfield code="b">regierte ab 1661; 1650-1665 verheiratet mit Marie Elisabeth von Holstein-Gottorp; ab 1666 verheiratet mit Elisabeth Dorothea von Sachsen-Gotha</subfield>
    </datafield>
    <datafield tag="700" ind1="0" ind2="7">
      <subfield code="a">Louis</subfield>
      <subfield code="c">VI, Landgrave of Hesse-Darmstadt</subfield>
      <subfield code="d">1630-1678</subfield>
      <subfield code="0">(DLC)nr 97015851</subfield>
      <subfield code="2">naf</subfield>
      <subfield code="9">v:1630-1678</subfield>
    </datafield>
    <datafield tag="913" ind1=" " ind2=" ">
      <subfield code="S">pnd</subfield>
      <subfield code="i">5</subfield>
      <subfield code="a">Ludwig &lt;Hessen-Darmstadt, Landgraf, VI.&gt;</subfield>
      <subfield code="0">(DE-588a)101248571</subfield>
    </datafield>
    <datafield tag="913" ind1=" " ind2=" ">
      <subfield code="S">pnd</subfield>
      <subfield code="i">5</subfield>
      <subfield code="a">Ludwig &lt;Hessen-Darmstadt, Landgraf, VI.&gt;</subfield>
      <subfield code="0">(DE-588a)135671671</subfield>
    </datafield>
  </record>
